%----------------------------------------------------------------------------------------
%	BOOK
%----------------------------------------------------------------------------------------

@book{tobias:book,
author = "{Tobias Oetiker} and {Hubert Partl} and {Irene Hyna} and {Elisabeth Schlegl}",
title = "The {N}ot {S}o {S}hort {I}ntroduction to \LaTeX{}2e",
year = "2011",
address = "Switzerland"
}
%publisher = "???",
%isbn = {1234}

@book{kopka:guide,
author = "{Kopka, Helmut}",
title = "Guide to \LaTeX{}",
publisher = "Addison-Wesley",
year = "2004",
address = "Boston",
isbn = {0321173856}
}

%----------------------------------------------------------------------------------------
%	ARTICLE
%----------------------------------------------------------------------------------------

@article{un:udhr,
  author = {international community, United Nations},
  title = {The Universal Declaration of Human Rights},
  url = {http://www.un.org/en/documents/udhr},
  year = 1948
}

%----------------------------------------------------------------------------------------
%	WEB
%----------------------------------------------------------------------------------------

@online{wikibooks:latex,
title = "\LaTeX{}",
year = "2012",
publisher = "{wikibooks.org}",
url = "http://en.wikibooks.org/wiki/LaTeX",
lastchecked = "November~05, 2012"
}

@online{levitezer,
	title = "levitezer",
	year = "2017",
	url = "http://www.levitezer.com"
}

@online{usb-otg,
	title = "USB On-The-Go and Embedded Host",
	year = "2017",
	url = "http://www.usb.org/developers/onthego"
}

@online{javame,
	title = "JAVA PLATFORM, MICRO EDITION (JAVA ME)",
	year = "2017",
	url = "http://www.oracle.com/technetwork/java/embedded/javame/index.html"
}

@misc{rfc6455,
	series =	{Request for Comments},
	number =	6455,
	howpublished =	{RFC 6455},
	publisher =	{RFC Editor},
	doi =		{10.17487/rfc6455},
	url =		{https://rfc-editor.org/rfc/rfc6455.txt},
	author =	{Alexey Melnikov and Ian Fette},
	title =		{{The WebSocket Protocol}},
	pagetotal =	71,
	year =		2011,
	month =		dec,
	abstract =	{The WebSocket Protocol enables two-way communication between a client running untrusted code in a controlled environment to a remote host that has opted-in to communications from that code. The security model used for this is the origin-based security model commonly used by web browsers. The protocol consists of an opening handshake followed by basic message framing, layered over TCP. The goal of this technology is to provide a mechanism for browser-based applications that need two-way communication with servers that does not rely on opening multiple HTTP connections (e.g., using XMLHttpRequest or &lt;iframe&gt;s and long polling). [STANDARDS-TRACK]},
}

@misc{http-rfc,
	added-at = {2006-07-02T00:05:26.000+0200},
	author = {Fielding, R. and Gettys, J. and Mogul, J. and Frystyk, H. and Masinter, L. and Leach, P. and Berners-Lee, T.},
	biburl = {https://www.bibsonomy.org/bibtex/2623e3c2409685a7fcece0273b8ebf981/jil},
	interhash = {ea213e32619512cfc4bdeb5d92daf5e4},
	intrahash = {623e3c2409685a7fcece0273b8ebf981},
	keywords = {2616 http standard seminar2006 rfc},
	timestamp = {2013-11-23T20:11:51.000+0100},
	title = {RFC 2616, Hypertext Transfer Protocol -- HTTP/1.1},
	url = {http://www.rfc.net/rfc2616.html},
	year = 1999
}